@article{Weber,
  title    = {Internet of things: Privacy issues revisited},
  journal  = {Computer Law \& Security Review},
  volume   = {31},
  number   = {5},
  pages    = {618-627},
  year     = {2015},
  issn     = {0267-3649},
  doi      = {https://doi.org/10.1016/j.clsr.2015.07.002},
  url      = {https://www.sciencedirect.com/science/article/pii/S0267364915001156},
  author   = {Rolf H. Weber},
  keywords = {Data minimization, Internet of things, Quality of data, Privacy challenges, Privacy enhancing technologies, Transparency},
  abstract = {The Internet of Things presents unique challenges to the protection of individual privacy. This article highlights the growing need for appropriate regulatory as well as technical action in order to bridge the gap between the automated surveillance by IoT devices and the rights of individuals who are often unaware of the potential privacy risk to which they are exposed. As a result, new legal approaches for the protection of privacy need to be developed.}
}

@misc{cocoa,
  title   = {Cocoa},
  url     = {https://www.cocoa-ci.org/},
  journal = {COCOA}
}

@article{ahmed2012cryptography,
  title     = {Cryptography and State-of-the-art Techniques},
  author    = {Ahmed, Mohiuddin and Sazzad, TM Shahriar and Mollah, Md Elias},
  journal   = {IJCSI International Journal of Computer Science Issues},
  volume    = {9},
  number    = {2-3},
  year      = {2012},
  publisher = {Citeseer}
}

@misc{barraza2019,
  title     = {Modelo de implementaci{\'o}n de ciberseguridad para sistemas iot en el marco de redes 5g},
  author    = {BARRAZA, ALEXANDER DE JES{\'U}S CEL{\'I}N and De Jes{\'u}s, Alexander},
  year      = {2019},
  publisher = {Obtenido de [Tesis De Maestria] Repositorio Institucional: https~…}
}

@article{criptografia_ligera,
  title  = {M{\'e}todos de Criptograf{\'\i}a Ligera para brindar Servicios de Seguridad al Internet de las Cosas},
  author = {Lara-Nino, Carlos Andres and Diaz-Perez, Arturo and Morales-Sandoval, Miguel}
}

@misc{p2p,
  title   = {Peer to Peer (P2P), nuevos modelos de negocio entre ciudadanos},
  url     = {https://www.indracompany.com/es/blogneo/peer-peer-p2p-modelos-negocio-ciudadanos},
  author  = {Ángel Bonet},
  journal = {Indra}
}

@misc{p2p_2,
  title   = {Cómo funcionan los programas P2P},
  url     = {https://culturacion.com/como-funcionan-los-programas-p2p/},
  author  = {Bulmaro Noguera},
  journal = {Culturación}
}

@misc{p2p.3,
  title   = {Redes peer to peer: qué son, ventajas, riesgos y más},
  url     = {https://www.monederosmart.com/redes-peer-to-peer/},
  journal = {Monedero Smart}
}

@misc{mexico,
  title   = {La Panorama de las energías renovables en México},
  url     = {https://mexicoenergyllc.com.mx/blogs/mexico-energy-insights/an-overview-of-renewable-energy-in-mexico},
  journal = {Mexico Energy Partners LLC},
  author  = {Mexico Energy Partners LLC}
}

@article{blockchain_education,
  title     = {Blockchain in Education},
  author    = {Grech Alex, Camilleri Anthony F},
  editor    = {INAMORATO DOS SANTOS Andreia},
  year      = {2017},
  publisher = {Publications Office of the European Union},
  issn      = {1831-9424},
  isbn      = {978-92-79-73497-7},
  jrc       = {JRC108255},
  doi       = {http://dx.doi.org/10.2760/60649},
  url       = {https://publications.jrc.ec.europa.eu/repository/handle/JRC108255}
}

@article{villagomezdiseno,
  title  = {DISE{\~N}O DE UN PROTOTIPO IOT PARA PRUEBAS DE PENETRACI{\'O}N Y MONITOREO DE LA SEGURIDAD EN UN SISTEMA DE DOM{\'O}TICA},
  author = {Villag{\'o}mez, Omar Paniagua and Hern{\'a}ndez, MTI Juan Roberto and Lagunas, IC Juan Jes{\'u}s Ru{\'\i}z and Guti{\'e}rrez, Mauricio Ren{\'e} Reyes and Medina, Heberto Ferreira and Hern{\'a}ndez, Anastacio Antolino}
}

@misc{blockchain_tec,
  title   = {¿Qué es Blockchain y cómo se puede aplicar a la educación?},
  url     = {https://observatorio.tec.mx/edu-news/que-es-blockchain/},
  author  = {Paulette Delgado},
  journal = {Observatorio del Instituto para el Futuro de la Educación}
}

@article{shim2015survey,
  title     = {A survey of public-key cryptographic primitives in wireless sensor networks},
  author    = {Shim, Kyung-Ah},
  journal   = {IEEE Communications Surveys \& Tutorials},
  volume    = {18},
  number    = {1},
  pages     = {577--601},
  year      = {2015},
  publisher = {IEEE}
}

@misc{gobmx,
  title   = {Ley de Transición Energética},
  url     = {https://www.gob.mx/conuee/articulos/ley-de-transicion-energetica},
  journal = {gob.mx},
  author  = {Comisión Nacional para el Uso Eficiente de la Energía}
}

@misc{climate_transparency,
  title   = {The climate transparency report 2021},
  url     = {https://www.climate-transparency.org/g20-climate-performance/g20report2021#1531904322799-a3471973-7ee5},
  journal = {Climate Transparency},
  year    = {2022},
  month   = {Oct}
}

@misc{data_breach_biggest,
  url     = {https://www.upguard.com/blog/biggest-data-breaches-us},
  journal = {Upguard.com},
  year    = {2023}
}

@misc{cost_DB,
  title   = {Cost of a data breach 2022: A million-dollar race to detect and respond},
  url     = {https://www.ibm.com/reports/data-breach},
  journal = {Ibm.com},
  year    = {2022}
}
@article{lohachab2019ecc,
  title     = {ECC based inter-device authentication and authorization scheme using MQTT for IoT networks},
  author    = {Lohachab, Ankur and others},
  journal   = {Journal of Information Security and Applications},
  volume    = {46},
  pages     = {1--12},
  year      = {2019},
  publisher = {Elsevier}
}

@misc{smart_grid_def,
  title = {{Smart Grids - Analysis - IEA}},
  url   = {https://www.iea.org/reports/smart-grids}
}

@inproceedings{anand2019secure,
  title        = {A secure inter-domain communication for IoT devices},
  author       = {Anand, Aniket and Galletta, Antonino and Celesti, Antonio and Fazio, Maria and Villari, Massimo},
  booktitle    = {2019 IEEE International Conference on Cloud Engineering (IC2E)},
  pages        = {235--240},
  year         = {2019},
  organization = {IEEE}
}

@book{ponmeon,
  title = {The Aftermath of a Data Breach: Consumer Sentiment},
  url   = {https://www.ponemon.org/local/upload/file/Consumer\%20Study\%20on\%20Aftermath\%20of\%20a\%20Breach\%20FINAL\%202.pdf},
  year  = {2014}
}

 @misc{rios_2022,
  title   = {México I Arriesgan seguridad con mal uso de IoT},
  url     = {https://dplnews.com/mexico-i-arriesgan-seguridad-con-mal-uso-de-iot/},
  journal = {DPL News},
  author  = {Ríos, Ailyn},
  year    = {2022},
  month   = {Jan}
}

@misc{spring_2019,
  title   = {Bad code library triggers devil's ivy vulnerability in millions of IOT devices},
  url     = {https://threatpost.com/bad-code-library-triggers-devils-ivy-vulnerability-in-millions-of-iot-devices/126913/},
  journal = {Threatpost English Global threatpostcom},
  author  = {Spring, Tom},
  year    = {2019},
  month   = {Jul}
}

@misc{obj9,
  title   = {Infraestructura - Desarrollo Sostenible},
  url     = {https://www.un.org/sustainabledevelopment/es/infrastructure/},
  journal = {Desarrollo Sostenible},
  author  = {Moran, Mirtha},
  year    = {2020},
  month   = {Jun}
}

@misc{obj11,
  title   = {Ciudades - Desarrollo Sostenible},
  url     = {https://www.un.org/sustainabledevelopment/es/cities/},
  journal = {Desarrollo Sostenible},
  author  = {Moran, Mirtha},
  year    = {2020},
  month   = {Jun}
}

@misc{obj12,
  title   = {Consumo y producción sostenibles - Desarrollo Sostenible},
  url     = {https://www.un.org/sustainabledevelopment/es/sustainable-consumption-production/},
  journal = {Desarrollo Sostenible},
  author  = {Moran, Mirtha},
  year    = {2020},
  month   = {Jun}
}

@misc{husar_2022,
  title   = {IoT Security: 5 cyber-attacks caused by IoT security vulnerabilities},
  url     = {https://www.cm-alliance.com/cybersecurity-blog/iot-security-5-cyber-attacks-caused-by-iot-security-vulnerabilities},
  journal = {Cyber Management Allience},
  author  = {Husar, Alex},
  year    = {2022},
  month   = {Oct}
}

@article{garcia_oswald_kasper_pavlides,
  title  = {Lock It and Still Lose It - On the (In)Security of Automotive Remote Keyless Entry Systems},
  author = {Garcia, Flavio D and Oswald, David and Kasper, Timo and Pavlides, Pierre}
}

@inproceedings{el2018analysis,
  title        = {Analysis of cryptographic algorithms on iot hardware platforms},
  author       = {El-Haii, Mohammed and Chamoun, Maroun and Fadlallah, Ahmad and Serhrouchni, Ahmed},
  booktitle    = {2018 2nd Cyber Security in Networking Conference (CSNet)},
  pages        = {1--5},
  year         = {2018},
  organization = {IEEE}
}

@misc{pico_specs,
  author = {Ltd, Raspberry Pi},
  title  = {{Buy a Raspberry Pi Pico - Raspberry Pi}},
  url    = {https://www.raspberrypi.com/products/raspberry-pi-pico/}
}

@inproceedings{rao2019comparative,
  title        = {Comparative study of lightweight hashing functions for resource constrained devices of IoT},
  author       = {Rao, Vidya and Prema, KV},
  booktitle    = {2019 4th International Conference on Computational Systems and Information Technology for Sustainable Solution (CSITSS)},
  volume       = {4},
  pages        = {1--5},
  year         = {2019},
  organization = {IEEE}
}

@misc{md5_vulnerable,
  title = {{What is MD5? Understanding Message-Digest Algorithms | Okta}},
  url   = {https://www.okta.com/identity-101/md5/}
}

@misc{sha1_vulnerable,
  month = {12},
  title = {{NIST Retires SHA-1 Cryptographic Algorithm  | NIST}},
  year  = {2022},
  url   = {https://www.nist.gov/news-events/news/2022/12/nist-retires-sha-1-cryptographic-algorithm}
}

@misc{des_vulnerable,
  title = {{NVD - CVE-2016-2183}},
  url   = {https://nvd.nist.gov/vuln/detail/CVE-2016-2183}
}

@inproceedings{abreu2020identity,
  title        = {Identity and access management for IoT in smart grid},
  author       = {Abreu, Vilmar and Santin, Altair O and Viegas, Eduardo K and Cogo, Vinicius V},
  booktitle    = {Advanced Information Networking and Applications: Proceedings of the 34th International Conference on Advanced Information Networking and Applications (AINA-2020)},
  pages        = {1215--1226},
  year         = {2020},
  organization = {Springer}
}
